%YAML 1.1
%TAG !u! tag:unity3d.com,2011:
--- !u!1 &8459619670859225729
GameObject:
  m_ObjectHideFlags: 0
  m_CorrespondingSourceObject: {fileID: 0}
  m_PrefabInstance: {fileID: 0}
  m_PrefabAsset: {fileID: 0}
  serializedVersion: 6
  m_Component:
  - component: {fileID: 8459619670859225728}
  - component: {fileID: 8459619670859225733}
  - component: {fileID: 4680380361992063331}
  m_Layer: 9
  m_Name: Shield
  m_TagString: Untagged
  m_Icon: {fileID: 0}
  m_NavMeshLayer: 0
  m_StaticEditorFlags: 0
  m_IsActive: 1
--- !u!4 &8459619670859225728
Transform:
  m_ObjectHideFlags: 0
  m_CorrespondingSourceObject: {fileID: 0}
  m_PrefabInstance: {fileID: 0}
  m_PrefabAsset: {fileID: 0}
  m_GameObject: {fileID: 8459619670859225729}
  m_LocalRotation: {x: -0.4643999, y: -0, z: -0, w: 0.8856256}
  m_LocalPosition: {x: -0.04, y: -0.759, z: 0.37}
  m_LocalScale: {x: 0.05, y: 0.05, z: 1}
  m_Children: []
  m_Father: {fileID: 8459619672280560442}
  m_RootOrder: 0
  m_LocalEulerAnglesHint: {x: -55.343002, y: 0, z: 0}
--- !u!212 &8459619670859225733
SpriteRenderer:
  m_ObjectHideFlags: 0
  m_CorrespondingSourceObject: {fileID: 0}
  m_PrefabInstance: {fileID: 0}
  m_PrefabAsset: {fileID: 0}
  m_GameObject: {fileID: 8459619670859225729}
  m_Enabled: 1
  m_CastShadows: 0
  m_ReceiveShadows: 0
  m_DynamicOccludee: 1
  m_MotionVectors: 1
  m_LightProbeUsage: 1
  m_ReflectionProbeUsage: 1
  m_RayTracingMode: 0
  m_RenderingLayerMask: 1
  m_RendererPriority: 0
  m_Materials:
  - {fileID: 10754, guid: 0000000000000000f000000000000000, type: 0}
  m_StaticBatchInfo:
    firstSubMesh: 0
    subMeshCount: 0
  m_StaticBatchRoot: {fileID: 0}
  m_ProbeAnchor: {fileID: 0}
  m_LightProbeVolumeOverride: {fileID: 0}
  m_ScaleInLightmap: 1
  m_ReceiveGI: 1
  m_PreserveUVs: 0
  m_IgnoreNormalsForChartDetection: 0
  m_ImportantGI: 0
  m_StitchLightmapSeams: 1
  m_SelectedEditorRenderState: 0
  m_MinimumChartSize: 4
  m_AutoUVMaxDistance: 0.5
  m_AutoUVMaxAngle: 89
  m_LightmapParameters: {fileID: 0}
  m_SortingLayerID: 0
  m_SortingLayer: 0
  m_SortingOrder: 2
  m_Sprite: {fileID: 21300000, guid: ef336bafde0ca6b40a6c12db4b456f83, type: 3}
  m_Color: {r: 1, g: 1, b: 1, a: 1}
  m_FlipX: 0
  m_FlipY: 0
  m_DrawMode: 0
  m_Size: {x: 0.88, y: 1.08}
  m_AdaptiveModeThreshold: 0.5
  m_SpriteTileMode: 0
  m_WasSpriteAssigned: 1
  m_MaskInteraction: 0
  m_SpriteSortPoint: 0
--- !u!60 &4680380361992063331
PolygonCollider2D:
  m_ObjectHideFlags: 0
  m_CorrespondingSourceObject: {fileID: 0}
  m_PrefabInstance: {fileID: 0}
  m_PrefabAsset: {fileID: 0}
  m_GameObject: {fileID: 8459619670859225729}
  m_Enabled: 1
  m_Density: 1
  m_Material: {fileID: 0}
  m_IsTrigger: 0
  m_UsedByEffector: 0
  m_UsedByComposite: 0
  m_Offset: {x: 0, y: 0}
  m_SpriteTilingProperty:
    border: {x: 0, y: 0, z: 0, w: 0}
    pivot: {x: 0.5, y: 0.5}
    oldSize: {x: 37.579998, y: 36.35058}
    newSize: {x: 0.88, y: 1.08}
    adaptiveTilingThreshold: 0.5
    drawMode: 0
    adaptiveTiling: 0
  m_AutoTiling: 0
  m_Points:
    m_Paths:
    - - {x: 0.7156347, y: -17.808294}
      - {x: 0.93583006, y: -17.60645}
      - {x: 1.0275781, y: -17.53305}
      - {x: 1.779912, y: -16.780716}
      - {x: 2.0001073, y: -16.542171}
      - {x: 2.293701, y: -16.21188}
      - {x: 2.5505955, y: -15.918285}
      - {x: 2.715742, y: -15.734789}
      - {x: 2.8441894, y: -15.587993}
      - {x: 3.2662303, y: -15.092553}
      - {x: 3.4497263, y: -14.872357}
      - {x: 3.5047753, y: -14.798959}
      - {x: 3.5965233, y: -14.688862}
      - {x: 4.036914, y: -14.138373}
      - {x: 4.22041, y: -13.899828}
      - {x: 4.6057515, y: -13.404389}
      - {x: 4.7525487, y: -13.220893}
      - {x: 4.8809958, y: -13.074096}
      - {x: 5.0094433, y: -12.90895}
      - {x: 5.1745896, y: -12.688754}
      - {x: 5.5048823, y: -12.230014}
      - {x: 5.688379, y: -11.97312}
      - {x: 5.8351755, y: -11.752924}
      - {x: 6.147119, y: -11.330883}
      - {x: 6.275566, y: -11.184087}
      - {x: 6.56916, y: -10.780395}
      - {x: 6.7343063, y: -10.54185}
      - {x: 6.8627534, y: -10.340004}
      - {x: 7.1012983, y: -9.973012}
      - {x: 7.303144, y: -9.679419}
      - {x: 7.725185, y: -9.018832}
      - {x: 7.780234, y: -8.927085}
      - {x: 7.8903317, y: -8.761938}
      - {x: 8.238975, y: -8.229799}
      - {x: 8.294023, y: -8.156401}
      - {x: 8.44082, y: -7.917856}
      - {x: 8.624316, y: -7.6059127}
      - {x: 8.716064, y: -7.4774656}
      - {x: 8.826161, y: -7.293969}
      - {x: 8.954609, y: -7.0921235}
      - {x: 9.101406, y: -6.8535786}
      - {x: 9.596846, y: -6.0094967}
      - {x: 9.945488, y: -5.4223094}
      - {x: 10.018887, y: -5.293862}
      - {x: 10.31248, y: -4.798423}
      - {x: 10.4409275, y: -4.5782275}
      - {x: 10.606073, y: -4.3029833}
      - {x: 10.899668, y: -3.789194}
      - {x: 11.101513, y: -3.4405515}
      - {x: 11.431806, y: -2.8350146}
      - {x: 11.560253, y: -2.5964696}
      - {x: 11.633652, y: -2.4680223}
      - {x: 11.798799, y: -2.156079}
      - {x: 11.982294, y: -1.7707372}
      - {x: 12.018993, y: -1.734038}
      - {x: 12.18414, y: -1.4220947}
      - {x: 12.330936, y: -1.1468505}
      - {x: 12.496083, y: -0.8349072}
      - {x: 12.808026, y: -0.19267088}
      - {x: 12.808026, y: -0.15597168}
      - {x: 12.991523, y: 0.19267088}
      - {x: 12.991523, y: 0.2293701}
      - {x: 13.303466, y: 0.85325676}
      - {x: 13.413564, y: 1.1101513}
      - {x: 13.505312, y: 1.311997}
      - {x: 13.6337595, y: 1.6055907}
      - {x: 13.707157, y: 1.7707372}
      - {x: 13.707157, y: 1.8074365}
      - {x: 13.890654, y: 2.1744287}
      - {x: 13.945703, y: 2.3028758}
      - {x: 14.037451, y: 2.5047216}
      - {x: 14.092499, y: 2.6331687}
      - {x: 14.257646, y: 3.000161}
      - {x: 14.331044, y: 3.1653075}
      - {x: 14.496191, y: 3.5506492}
      - {x: 14.569589, y: 3.7341454}
      - {x: 14.624638, y: 3.8625925}
      - {x: 14.789784, y: 4.2846336}
      - {x: 14.881533, y: 4.5231786}
      - {x: 14.99163, y: 4.816772}
      - {x: 15.065028, y: 5.018618}
      - {x: 15.156776, y: 5.2571626}
      - {x: 15.248525, y: 5.532407}
      - {x: 15.395322, y: 5.9544477}
      - {x: 15.4687195, y: 6.174643}
      - {x: 15.542118, y: 6.413188}
      - {x: 15.597167, y: 6.523286}
      - {x: 15.670566, y: 6.7801805}
      - {x: 15.707265, y: 6.8535786}
      - {x: 15.799013, y: 7.110473}
      - {x: 15.872412, y: 7.3306684}
      - {x: 15.982509, y: 7.642612}
      - {x: 16.129305, y: 8.083002}
      - {x: 16.3495, y: 8.761938}
      - {x: 16.44125, y: 9.037182}
      - {x: 16.551348, y: 9.385825}
      - {x: 16.734842, y: 9.973012}
      - {x: 16.84494, y: 10.340004}
      - {x: 16.991737, y: 10.853793}
      - {x: 17.083485, y: 11.165737}
      - {x: 17.156883, y: 11.459331}
      - {x: 17.230282, y: 11.734574}
      - {x: 17.34038, y: 12.138266}
      - {x: 17.413778, y: 12.395161}
      - {x: 17.468826, y: 12.597006}
      - {x: 17.578924, y: 12.9823475}
      - {x: 17.670673, y: 13.312641}
      - {x: 17.83582, y: 13.899828}
      - {x: 17.927567, y: 14.211772}
      - {x: 18.037664, y: 14.615463}
      - {x: 18.239511, y: 15.422846}
      - {x: 18.404657, y: 16.010033}
      - {x: 18.441357, y: 16.15683}
      - {x: 18.588154, y: 16.780716}
      - {x: 18.643202, y: 17.055962}
      - {x: 18.679901, y: 17.221107}
      - {x: 18.734951, y: 17.496351}
      - {x: 18.789999, y: 17.789946}
      - {x: 18.789999, y: 18.101889}
      - {x: 18.7533, y: 18.156937}
      - {x: 18.698252, y: 18.175287}
      - {x: -18.698252, y: 18.175287}
      - {x: -18.7533, y: 18.156937}
      - {x: -18.789999, y: 18.120237}
      - {x: -18.789999, y: 17.789946}
      - {x: -18.7533, y: 17.60645}
      - {x: -18.698252, y: 17.312855}
      - {x: -18.661552, y: 17.12936}
      - {x: -18.606503, y: 16.890814}
      - {x: -18.569803, y: 16.70732}
      - {x: -18.514755, y: 16.468773}
      - {x: -18.478056, y: 16.303627}
      - {x: -18.423006, y: 16.083431}
      - {x: -18.331259, y: 15.734789}
      - {x: -18.25786, y: 15.477895}
      - {x: -18.092714, y: 14.835658}
      - {x: -18.056015, y: 14.688862}
      - {x: -17.964266, y: 14.340219}
      - {x: -17.725721, y: 13.514486}
      - {x: -17.670673, y: 13.312641}
      - {x: -17.542225, y: 12.853901}
      - {x: -17.468826, y: 12.597006}
      - {x: -17.413778, y: 12.395161}
      - {x: -17.35873, y: 12.211664}
      - {x: -17.30368, y: 12.009819}
      - {x: -17.156883, y: 11.459331}
      - {x: -17.046785, y: 11.03729}
      - {x: -16.88164, y: 10.4684515}
      - {x: -16.84494, y: 10.340004}
      - {x: -16.661444, y: 9.7344675}
      - {x: -16.551348, y: 9.385825}
      - {x: -16.532997, y: 9.330776}
      - {x: -16.459599, y: 9.092231}
      - {x: -16.3862, y: 8.890386}
      - {x: -16.3495, y: 8.743588}
      - {x: -16.312801, y: 8.633491}
      - {x: -16.166004, y: 8.21145}
      - {x: -16.129305, y: 8.083002}
      - {x: -16.074257, y: 7.917856}
      - {x: -15.872412, y: 7.3306684}
      - {x: -15.707265, y: 6.8535786}
      - {x: -15.578817, y: 6.4865866}
      - {x: -15.542118, y: 6.3948383}
      - {x: -15.487069, y: 6.229692}
      - {x: -15.230175, y: 5.4773583}
      - {x: -15.138427, y: 5.202114}
      - {x: -15.065028, y: 5.0002685}
      - {x: -14.954931, y: 4.725024}
      - {x: -14.881533, y: 4.5231786}
      - {x: -14.789784, y: 4.266284}
      - {x: -14.716386, y: 4.082788}
      - {x: -14.441142, y: 3.4222019}
      - {x: -14.331044, y: 3.1653075}
      - {x: -14.257646, y: 3.000161}
      - {x: -14.07415, y: 2.5964696}
      - {x: -13.945703, y: 2.3028758}
      - {x: -13.890654, y: 2.1744287}
      - {x: -13.707157, y: 1.7707372}
      - {x: -13.560361, y: 1.4404442}
      - {x: -13.505312, y: 1.311997}
      - {x: -13.413564, y: 1.1101513}
      - {x: -13.285116, y: 0.8165576}
      - {x: -13.175019, y: 0.57801265}
      - {x: -12.991523, y: 0.2293701}
      - {x: -12.991523, y: 0.19267088}
      - {x: -12.808026, y: -0.15597168}
      - {x: -12.808026, y: -0.19267088}
      - {x: -12.496083, y: -0.8349072}
      - {x: -12.459384, y: -0.8716064}
      - {x: -12.18414, y: -1.4220947}
      - {x: -12.037343, y: -1.6973388}
      - {x: -12.000644, y: -1.734038}
      - {x: -11.798799, y: -2.156079}
      - {x: -11.652001, y: -2.431323}
      - {x: -11.560253, y: -2.5964696}
      - {x: -11.431806, y: -2.8350146}
      - {x: -11.321709, y: -3.0368602}
      - {x: -11.119863, y: -3.4038525}
      - {x: -10.532675, y: -4.4314303}
      - {x: -10.477627, y: -4.504829}
      - {x: -10.31248, y: -4.798423}
      - {x: -10.147333, y: -5.0736666}
      - {x: -9.945488, y: -5.4223094}
      - {x: -9.725292, y: -5.7893014}
      - {x: -9.596846, y: -6.0094967}
      - {x: -9.486748, y: -6.1929927}
      - {x: -9.229853, y: -6.6333833}
      - {x: -9.174804, y: -6.7251315}
      - {x: -9.046357, y: -6.945327}
      - {x: -8.771112, y: -7.3673677}
      - {x: -8.624316, y: -7.6242623}
      - {x: -8.294023, y: -8.138051}
      - {x: -8.202275, y: -8.303198}
      - {x: -8.055478, y: -8.505043}
      - {x: -7.8903317, y: -8.780288}
      - {x: -7.7435346, y: -8.982133}
      - {x: -7.725185, y: -9.037182}
      - {x: -7.468291, y: -9.4225235}
      - {x: -7.303144, y: -9.679419}
      - {x: -7.229746, y: -9.789516}
      - {x: -7.064599, y: -10.046411}
      - {x: -6.826054, y: -10.413403}
      - {x: -6.56916, y: -10.780395}
      - {x: -6.275566, y: -11.184087}
      - {x: -6.0186715, y: -11.49603}
      - {x: -5.871875, y: -11.697875}
      - {x: -5.578281, y: -12.119916}
      - {x: -5.449834, y: -12.285063}
      - {x: -5.3213863, y: -12.486909}
      - {x: -5.2663374, y: -12.541957}
      - {x: -5.1195407, y: -12.762153}
      - {x: -5.0094433, y: -12.90895}
      - {x: -4.8075976, y: -13.129145}
      - {x: -4.8075976, y: -13.165844}
      - {x: -4.67915, y: -13.330991}
      - {x: -4.6057515, y: -13.404389}
      - {x: -4.165361, y: -13.991576}
      - {x: -3.8167186, y: -14.413617}
      - {x: -3.5965233, y: -14.688862}
      - {x: -3.2662303, y: -15.092553}
      - {x: -2.8441894, y: -15.587993}
      - {x: -2.715742, y: -15.734789}
      - {x: -2.5505955, y: -15.918285}
      - {x: -2.293701, y: -16.21188}
      - {x: -2.0001073, y: -16.542171}
      - {x: -1.779912, y: -16.780716}
      - {x: -1.0275781, y: -17.53305}
      - {x: -0.93583006, y: -17.60645}
      - {x: -0.6972851, y: -17.808294}
      - {x: -0.6422363, y: -17.844994}
      - {x: -0.49543944, y: -17.955091}
      - {x: -0.29359373, y: -18.08354}
      - {x: -0.091748044, y: -18.175287}
      - {x: 0.14679687, y: -18.175287}
      - {x: 0.40369138, y: -18.010141}
      - {x: 0.49543944, y: -17.955091}
--- !u!1 &8459619672280560437
GameObject:
  m_ObjectHideFlags: 0
  m_CorrespondingSourceObject: {fileID: 0}
  m_PrefabInstance: {fileID: 0}
  m_PrefabAsset: {fileID: 0}
  serializedVersion: 6
  m_Component:
  - component: {fileID: 8459619672280560442}
  - component: {fileID: 8459619672280560443}
  - component: {fileID: 8459619672280560441}
  - component: {fileID: 8459619672280560436}
  - component: {fileID: 8459619672280560446}
  - component: {fileID: 8459619672280560444}
  - component: {fileID: 4790768663161065151}
  - component: {fileID: 4453035936145465863}
  - component: {fileID: 4654322262425835076}
  - component: {fileID: 6771581016057528663}
  m_Layer: 9
  m_Name: Brute
  m_TagString: Untagged
  m_Icon: {fileID: 0}
  m_NavMeshLayer: 0
  m_StaticEditorFlags: 0
  m_IsActive: 1
--- !u!4 &8459619672280560442
Transform:
  m_ObjectHideFlags: 0
  m_CorrespondingSourceObject: {fileID: 0}
  m_PrefabInstance: {fileID: 0}
  m_PrefabAsset: {fileID: 0}
  m_GameObject: {fileID: 8459619672280560437}
  m_LocalRotation: {x: 0, y: 0, z: 0, w: 1}
  m_LocalPosition: {x: 2.9875808, y: 25.784933, z: 0}
  m_LocalScale: {x: 2, y: 2, z: 1}
  m_Children:
  - {fileID: 8459619670859225728}
  - {fileID: 1302411064213994705}
  m_Father: {fileID: 0}
  m_RootOrder: 0
  m_LocalEulerAnglesHint: {x: 0, y: 0, z: 0}
--- !u!212 &8459619672280560443
SpriteRenderer:
  m_ObjectHideFlags: 0
  m_CorrespondingSourceObject: {fileID: 0}
  m_PrefabInstance: {fileID: 0}
  m_PrefabAsset: {fileID: 0}
  m_GameObject: {fileID: 8459619672280560437}
  m_Enabled: 1
  m_CastShadows: 0
  m_ReceiveShadows: 0
  m_DynamicOccludee: 1
  m_MotionVectors: 1
  m_LightProbeUsage: 1
  m_ReflectionProbeUsage: 1
  m_RayTracingMode: 0
  m_RenderingLayerMask: 1
  m_RendererPriority: 0
  m_Materials:
  - {fileID: 10754, guid: 0000000000000000f000000000000000, type: 0}
  m_StaticBatchInfo:
    firstSubMesh: 0
    subMeshCount: 0
  m_StaticBatchRoot: {fileID: 0}
  m_ProbeAnchor: {fileID: 0}
  m_LightProbeVolumeOverride: {fileID: 0}
  m_ScaleInLightmap: 1
  m_ReceiveGI: 1
  m_PreserveUVs: 0
  m_IgnoreNormalsForChartDetection: 0
  m_ImportantGI: 0
  m_StitchLightmapSeams: 1
  m_SelectedEditorRenderState: 0
  m_MinimumChartSize: 4
  m_AutoUVMaxDistance: 0.5
  m_AutoUVMaxAngle: 89
  m_LightmapParameters: {fileID: 0}
  m_SortingLayerID: 0
  m_SortingLayer: 0
  m_SortingOrder: 1
  m_Sprite: {fileID: 21300000, guid: 918dc7ee9499e83419ada08a523792cf, type: 3}
  m_Color: {r: 1, g: 1, b: 1, a: 1}
  m_FlipX: 0
  m_FlipY: 0
  m_DrawMode: 0
  m_Size: {x: 1.13, y: 1.11}
  m_AdaptiveModeThreshold: 0.5
  m_SpriteTileMode: 0
  m_WasSpriteAssigned: 1
  m_MaskInteraction: 0
  m_SpriteSortPoint: 0
--- !u!114 &8459619672280560441
MonoBehaviour:
  m_ObjectHideFlags: 0
  m_CorrespondingSourceObject: {fileID: 0}
  m_PrefabInstance: {fileID: 0}
  m_PrefabAsset: {fileID: 0}
  m_GameObject: {fileID: 8459619672280560437}
  m_Enabled: 1
  m_EditorHideFlags: 0
  m_Script: {fileID: 11500000, guid: 0420cc0ff4baf0d49b3a7461b7797851, type: 3}
  m_Name: 
  m_EditorClassIdentifier: 
  baseHP: 200
  entity: {fileID: 4453035936145465863}
  deathEvent: {fileID: 0}
  currentHP: 0
--- !u!61 &8459619672280560436
BoxCollider2D:
  m_ObjectHideFlags: 0
  m_CorrespondingSourceObject: {fileID: 0}
  m_PrefabInstance: {fileID: 0}
  m_PrefabAsset: {fileID: 0}
  m_GameObject: {fileID: 8459619672280560437}
  m_Enabled: 1
  m_Density: 1
  m_Material: {fileID: 0}
  m_IsTrigger: 0
  m_UsedByEffector: 0
  m_UsedByComposite: 0
  m_Offset: {x: 0, y: 0}
  m_SpriteTilingProperty:
    border: {x: 0, y: 0, z: 0, w: 0}
    pivot: {x: 0.5, y: 0.5}
    oldSize: {x: 1.13, y: 1.11}
    newSize: {x: 1.13, y: 1.11}
    adaptiveTilingThreshold: 0.5
    drawMode: 0
    adaptiveTiling: 0
  m_AutoTiling: 0
  serializedVersion: 2
  m_Size: {x: 1.13, y: 1.11}
  m_EdgeRadius: 0
--- !u!114 &8459619672280560446
MonoBehaviour:
  m_ObjectHideFlags: 0
  m_CorrespondingSourceObject: {fileID: 0}
  m_PrefabInstance: {fileID: 0}
  m_PrefabAsset: {fileID: 0}
  m_GameObject: {fileID: 8459619672280560437}
  m_Enabled: 1
  m_EditorHideFlags: 0
  m_Script: {fileID: 11500000, guid: 2dd1242eb3ec6d74898de8681fceb794, type: 3}
  m_Name: 
  m_EditorClassIdentifier: 
  movementSpeed:
    baseValue: 0
    multiplier: 0
    MinValue: 0
  _animator: {fileID: 0}
  _rigidbody: {fileID: 0}
  isTopView: 1
--- !u!114 &8459619672280560444
MonoBehaviour:
  m_ObjectHideFlags: 0
  m_CorrespondingSourceObject: {fileID: 0}
  m_PrefabInstance: {fileID: 0}
  m_PrefabAsset: {fileID: 0}
  m_GameObject: {fileID: 8459619672280560437}
  m_Enabled: 1
  m_EditorHideFlags: 0
  m_Script: {fileID: 11500000, guid: c654f16125f0a13438df51624aee6a8b, type: 3}
  m_Name: 
  m_EditorClassIdentifier: 
  level: 1
  Damage:
    baseValue: 0
    multiplier: 0
    MinValue: 0
  Range:
    baseValue: 0
    multiplier: 0
    MinValue: 0
  ShotSpeed:
    baseValue: 0
    multiplier: 0
    MinValue: 0
  FireRate:
    baseValue: 0
    multiplier: 0.01
    MinValue: 0
  shotCount:
    baseValue: 0
    multiplier: 0
    MinValue: 0
  automatic: 0
  effectsCaster: {fileID: 0}
  weapons:
  - {fileID: 0}
  currentWeapon: {fileID: 11400000, guid: b0aace7f1b18f9347b2b805f2190b137, type: 2}
  AttachedMods: []
--- !u!114 &4790768663161065151
MonoBehaviour:
  m_ObjectHideFlags: 0
  m_CorrespondingSourceObject: {fileID: 0}
  m_PrefabInstance: {fileID: 0}
  m_PrefabAsset: {fileID: 0}
  m_GameObject: {fileID: 8459619672280560437}
  m_Enabled: 1
  m_EditorHideFlags: 0
  m_Script: {fileID: 11500000, guid: 4416e86b6d46581409ee3c9827746416, type: 3}
  m_Name: 
  m_EditorClassIdentifier: 
  entity: {fileID: 4453035936145465863}
  LogicPipeLine:
  - {fileID: 11400000, guid: 675ac38eb01727942bc644c2ee265519, type: 2}
  - {fileID: 11400000, guid: feacb393b5cd938468b3f855cbb815d8, type: 2}
  room: {fileID: 0}
--- !u!114 &4453035936145465863
MonoBehaviour:
  m_ObjectHideFlags: 0
  m_CorrespondingSourceObject: {fileID: 0}
  m_PrefabInstance: {fileID: 0}
  m_PrefabAsset: {fileID: 0}
  m_GameObject: {fileID: 8459619672280560437}
  m_Enabled: 1
  m_EditorHideFlags: 0
  m_Script: {fileID: 11500000, guid: 5e64eb1914177af45888c34e9f4feca6, type: 3}
  m_Name: 
  m_EditorClassIdentifier: 
  m_movement: {fileID: 8459619672280560446}
  m_effectsCaster: {fileID: 0}
  m_weaponsSystem: {fileID: 8459619672280560444}
  m_damagable: {fileID: 8459619672280560441}
  m_brain: {fileID: 4790768663161065151}
  m_itemsSystem: {fileID: 0}
  Effects: []
--- !u!114 &4654322262425835076
MonoBehaviour:
  m_ObjectHideFlags: 0
  m_CorrespondingSourceObject: {fileID: 0}
  m_PrefabInstance: {fileID: 0}
  m_PrefabAsset: {fileID: 0}
  m_GameObject: {fileID: 8459619672280560437}
  m_Enabled: 1
  m_EditorHideFlags: 0
  m_Script: {fileID: 11500000, guid: 0420cc0ff4baf0d49b3a7461b7797851, type: 3}
  m_Name: 
  m_EditorClassIdentifier: 
  baseHP: 200
  entity: {fileID: 4453035936145465863}
  deathEvent: {fileID: 0}
  currentHP: 0
--- !u!50 &6771581016057528663
Rigidbody2D:
  serializedVersion: 4
  m_ObjectHideFlags: 0
  m_CorrespondingSourceObject: {fileID: 0}
  m_PrefabInstance: {fileID: 0}
  m_PrefabAsset: {fileID: 0}
  m_GameObject: {fileID: 8459619672280560437}
  m_BodyType: 0
  m_Simulated: 1
  m_UseFullKinematicContacts: 0
  m_UseAutoMass: 0
  m_Mass: 10
  m_LinearDrag: 10
  m_AngularDrag: 0.05
  m_GravityScale: 0
  m_Material: {fileID: 0}
  m_Interpolate: 0
  m_SleepingMode: 1
  m_CollisionDetection: 0
  m_Constraints: 4
--- !u!1001 &3129482290573836778
PrefabInstance:
  m_ObjectHideFlags: 0
  serializedVersion: 2
  m_Modification:
    m_TransformParent: {fileID: 8459619672280560442}
    m_Modifications:
    - target: {fileID: 4142520448615513403, guid: b4b8350701e207948b11a2a4e1ca1436,
        type: 3}
      propertyPath: m_LocalPosition.x
      value: 0
      objectReference: {fileID: 0}
    - target: {fileID: 4142520448615513403, guid: b4b8350701e207948b11a2a4e1ca1436,
        type: 3}
      propertyPath: m_LocalPosition.y
      value: 0
      objectReference: {fileID: 0}
    - target: {fileID: 4142520448615513403, guid: b4b8350701e207948b11a2a4e1ca1436,
        type: 3}
      propertyPath: m_LocalPosition.z
      value: 0
      objectReference: {fileID: 0}
    - target: {fileID: 4142520448615513403, guid: b4b8350701e207948b11a2a4e1ca1436,
        type: 3}
      propertyPath: m_LocalRotation.x
      value: 0
      objectReference: {fileID: 0}
    - target: {fileID: 4142520448615513403, guid: b4b8350701e207948b11a2a4e1ca1436,
        type: 3}
      propertyPath: m_LocalRotation.y
      value: 0
      objectReference: {fileID: 0}
    - target: {fileID: 4142520448615513403, guid: b4b8350701e207948b11a2a4e1ca1436,
        type: 3}
      propertyPath: m_LocalRotation.z
      value: 0
      objectReference: {fileID: 0}
    - target: {fileID: 4142520448615513403, guid: b4b8350701e207948b11a2a4e1ca1436,
        type: 3}
      propertyPath: m_LocalRotation.w
      value: 1
      objectReference: {fileID: 0}
    - target: {fileID: 4142520448615513403, guid: b4b8350701e207948b11a2a4e1ca1436,
        type: 3}
      propertyPath: m_RootOrder
      value: 1
      objectReference: {fileID: 0}
    - target: {fileID: 4142520448615513403, guid: b4b8350701e207948b11a2a4e1ca1436,
        type: 3}
      propertyPath: m_LocalEulerAnglesHint.x
      value: 0
      objectReference: {fileID: 0}
    - target: {fileID: 4142520448615513403, guid: b4b8350701e207948b11a2a4e1ca1436,
        type: 3}
      propertyPath: m_LocalEulerAnglesHint.y
      value: 0
      objectReference: {fileID: 0}
    - target: {fileID: 4142520448615513403, guid: b4b8350701e207948b11a2a4e1ca1436,
        type: 3}
      propertyPath: m_LocalEulerAnglesHint.z
      value: 0
      objectReference: {fileID: 0}
    - target: {fileID: 4142520448615513403, guid: b4b8350701e207948b11a2a4e1ca1436,
        type: 3}
      propertyPath: m_AnchoredPosition.x
      value: 0
      objectReference: {fileID: 0}
    - target: {fileID: 4142520448615513403, guid: b4b8350701e207948b11a2a4e1ca1436,
        type: 3}
      propertyPath: m_AnchoredPosition.y
      value: 0.858
      objectReference: {fileID: 0}
    - target: {fileID: 4142520448615513403, guid: b4b8350701e207948b11a2a4e1ca1436,
        type: 3}
      propertyPath: m_SizeDelta.x
      value: 3
      objectReference: {fileID: 0}
    - target: {fileID: 4142520448615513403, guid: b4b8350701e207948b11a2a4e1ca1436,
        type: 3}
      propertyPath: m_SizeDelta.y
      value: 0.65
      objectReference: {fileID: 0}
    - target: {fileID: 4142520448615513403, guid: b4b8350701e207948b11a2a4e1ca1436,
        type: 3}
      propertyPath: m_AnchorMin.x
      value: 0
      objectReference: {fileID: 0}
    - target: {fileID: 4142520448615513403, guid: b4b8350701e207948b11a2a4e1ca1436,
        type: 3}
      propertyPath: m_AnchorMin.y
      value: 0
      objectReference: {fileID: 0}
    - target: {fileID: 4142520448615513403, guid: b4b8350701e207948b11a2a4e1ca1436,
        type: 3}
      propertyPath: m_AnchorMax.x
      value: 0
      objectReference: {fileID: 0}
    - target: {fileID: 4142520448615513403, guid: b4b8350701e207948b11a2a4e1ca1436,
        type: 3}
      propertyPath: m_AnchorMax.y
      value: 0
      objectReference: {fileID: 0}
    - target: {fileID: 4142520448615513403, guid: b4b8350701e207948b11a2a4e1ca1436,
        type: 3}
      propertyPath: m_Pivot.x
      value: 0.5
      objectReference: {fileID: 0}
    - target: {fileID: 4142520448615513403, guid: b4b8350701e207948b11a2a4e1ca1436,
        type: 3}
      propertyPath: m_Pivot.y
      value: 0.5
      objectReference: {fileID: 0}
    - target: {fileID: 4277620228927886039, guid: b4b8350701e207948b11a2a4e1ca1436,
        type: 3}
      propertyPath: m_Name
      value: Healthbar
      objectReference: {fileID: 0}
    - target: {fileID: 5374002067269031287, guid: b4b8350701e207948b11a2a4e1ca1436,
        type: 3}
      propertyPath: Damagable
      value: 
      objectReference: {fileID: 8459619672280560441}
    - target: {fileID: 7855634505055324620, guid: b4b8350701e207948b11a2a4e1ca1436,
        type: 3}
      propertyPath: m_AnchorMax.x
      value: 0
      objectReference: {fileID: 0}
    - target: {fileID: 7855634505055324620, guid: b4b8350701e207948b11a2a4e1ca1436,
        type: 3}
      propertyPath: m_AnchorMax.y
      value: 0
      objectReference: {fileID: 0}
    m_RemovedComponents: []
  m_SourcePrefab: {fileID: 100100000, guid: b4b8350701e207948b11a2a4e1ca1436, type: 3}
--- !u!224 &1302411064213994705 stripped
RectTransform:
  m_CorrespondingSourceObject: {fileID: 4142520448615513403, guid: b4b8350701e207948b11a2a4e1ca1436,
    type: 3}
  m_PrefabInstance: {fileID: 3129482290573836778}
  m_PrefabAsset: {fileID: 0}
