%YAML 1.1
%TAG !u! tag:unity3d.com,2011:
--- !u!1 &2805974459429007220
GameObject:
  m_ObjectHideFlags: 0
  m_CorrespondingSourceObject: {fileID: 0}
  m_PrefabInstance: {fileID: 0}
  m_PrefabAsset: {fileID: 0}
  serializedVersion: 6
  m_Component:
  - component: {fileID: 2805974459429007222}
  - component: {fileID: 2805974459429007223}
  - component: {fileID: 2922579923542757893}
  - component: {fileID: 5326352158695678186}
  - component: {fileID: 6906733733500856605}
  - component: {fileID: 6485657281153038208}
  - component: {fileID: 1993462933}
  - component: {fileID: -7458160766865545409}
  - component: {fileID: 3080813004601966367}
  - component: {fileID: 4645546646170255184}
  - component: {fileID: 1647815538}
  m_Layer: 9
  m_Name: Samson
  m_TagString: Untagged
  m_Icon: {fileID: 0}
  m_NavMeshLayer: 0
  m_StaticEditorFlags: 0
  m_IsActive: 1
--- !u!4 &2805974459429007222
Transform:
  m_ObjectHideFlags: 0
  m_CorrespondingSourceObject: {fileID: 0}
  m_PrefabInstance: {fileID: 0}
  m_PrefabAsset: {fileID: 0}
  m_GameObject: {fileID: 2805974459429007220}
  m_LocalRotation: {x: 0, y: 0, z: 0, w: 1}
  m_LocalPosition: {x: 0, y: 24.04, z: 0}
  m_LocalScale: {x: 1, y: 1, z: 1}
  m_Children:
  - {fileID: 5461310881775558207}
  m_Father: {fileID: 0}
  m_RootOrder: 0
  m_LocalEulerAnglesHint: {x: 0, y: 0, z: 0}
--- !u!212 &2805974459429007223
SpriteRenderer:
  m_ObjectHideFlags: 0
  m_CorrespondingSourceObject: {fileID: 0}
  m_PrefabInstance: {fileID: 0}
  m_PrefabAsset: {fileID: 0}
  m_GameObject: {fileID: 2805974459429007220}
  m_Enabled: 1
  m_CastShadows: 0
  m_ReceiveShadows: 0
  m_DynamicOccludee: 1
  m_MotionVectors: 1
  m_LightProbeUsage: 1
  m_ReflectionProbeUsage: 1
  m_RayTracingMode: 0
  m_RenderingLayerMask: 1
  m_RendererPriority: 0
  m_Materials:
  - {fileID: 10754, guid: 0000000000000000f000000000000000, type: 0}
  m_StaticBatchInfo:
    firstSubMesh: 0
    subMeshCount: 0
  m_StaticBatchRoot: {fileID: 0}
  m_ProbeAnchor: {fileID: 0}
  m_LightProbeVolumeOverride: {fileID: 0}
  m_ScaleInLightmap: 1
  m_ReceiveGI: 1
  m_PreserveUVs: 0
  m_IgnoreNormalsForChartDetection: 0
  m_ImportantGI: 0
  m_StitchLightmapSeams: 1
  m_SelectedEditorRenderState: 0
  m_MinimumChartSize: 4
  m_AutoUVMaxDistance: 0.5
  m_AutoUVMaxAngle: 89
  m_LightmapParameters: {fileID: 0}
  m_SortingLayerID: 0
  m_SortingLayer: 0
  m_SortingOrder: 1
  m_Sprite: {fileID: 21300000, guid: d928758da16829640aab8ccf8da3d2ed, type: 3}
  m_Color: {r: 1, g: 1, b: 1, a: 1}
  m_FlipX: 0
  m_FlipY: 0
  m_DrawMode: 0
  m_Size: {x: 1.27, y: 1.35}
  m_AdaptiveModeThreshold: 0.5
  m_SpriteTileMode: 0
  m_WasSpriteAssigned: 1
  m_MaskInteraction: 0
  m_SpriteSortPoint: 0
--- !u!95 &2922579923542757893
Animator:
  serializedVersion: 3
  m_ObjectHideFlags: 0
  m_CorrespondingSourceObject: {fileID: 0}
  m_PrefabInstance: {fileID: 0}
  m_PrefabAsset: {fileID: 0}
  m_GameObject: {fileID: 2805974459429007220}
  m_Enabled: 1
  m_Avatar: {fileID: 0}
  m_Controller: {fileID: 22100000, guid: e83a0c4e34fad3842a1f243693449c22, type: 2}
  m_CullingMode: 0
  m_UpdateMode: 0
  m_ApplyRootMotion: 0
  m_LinearVelocityBlending: 0
  m_WarningMessage: 
  m_HasTransformHierarchy: 1
  m_AllowConstantClipSamplingOptimization: 1
  m_KeepAnimatorControllerStateOnDisable: 0
--- !u!114 &5326352158695678186
MonoBehaviour:
  m_ObjectHideFlags: 0
  m_CorrespondingSourceObject: {fileID: 0}
  m_PrefabInstance: {fileID: 0}
  m_PrefabAsset: {fileID: 0}
  m_GameObject: {fileID: 2805974459429007220}
  m_Enabled: 1
  m_EditorHideFlags: 0
  m_Script: {fileID: 11500000, guid: c654f16125f0a13438df51624aee6a8b, type: 3}
  m_Name: 
  m_EditorClassIdentifier: 
  level: 1
  Damage:
    baseValue: 0
    multiplier: 0
    MinValue: 0
  Range:
    baseValue: 0
    multiplier: 0
    MinValue: 0
  ShotSpeed:
    baseValue: 0
    multiplier: 0
    MinValue: 0
  FireRate:
    baseValue: 0
    multiplier: 0.01
    MinValue: 0
  shotCount:
    baseValue: 0
    multiplier: 0
    MinValue: 0
  automatic: 0
  effectsCaster: {fileID: 0}
  weapons:
  - {fileID: 0}
  currentWeapon: {fileID: 11400000, guid: a5696fe318053db41b3b3bedc4b576e9, type: 2}
  AttachedMods: []
--- !u!114 &6906733733500856605
MonoBehaviour:
  m_ObjectHideFlags: 0
  m_CorrespondingSourceObject: {fileID: 0}
  m_PrefabInstance: {fileID: 0}
  m_PrefabAsset: {fileID: 0}
  m_GameObject: {fileID: 2805974459429007220}
  m_Enabled: 1
  m_EditorHideFlags: 0
  m_Script: {fileID: 11500000, guid: 0420cc0ff4baf0d49b3a7461b7797851, type: 3}
  m_Name: 
  m_EditorClassIdentifier: 
  baseHP: 200
  entity: {fileID: 1993462933}
  deathEvent: {fileID: 0}
  currentHP: 0
--- !u!114 &6485657281153038208
MonoBehaviour:
  m_ObjectHideFlags: 0
  m_CorrespondingSourceObject: {fileID: 0}
  m_PrefabInstance: {fileID: 0}
  m_PrefabAsset: {fileID: 0}
  m_GameObject: {fileID: 2805974459429007220}
  m_Enabled: 1
  m_EditorHideFlags: 0
  m_Script: {fileID: 11500000, guid: 2dd1242eb3ec6d74898de8681fceb794, type: 3}
  m_Name: 
  m_EditorClassIdentifier: 
  movementSpeed:
    baseValue: 20
    multiplier: 0
    MinValue: 0
  _animator: {fileID: 2922579923542757893}
  _rigidbody: {fileID: 3080813004601966367}
  isTopView: 0
--- !u!114 &1993462933
MonoBehaviour:
  m_ObjectHideFlags: 0
  m_CorrespondingSourceObject: {fileID: 0}
  m_PrefabInstance: {fileID: 0}
  m_PrefabAsset: {fileID: 0}
  m_GameObject: {fileID: 2805974459429007220}
  m_Enabled: 1
  m_EditorHideFlags: 0
  m_Script: {fileID: 11500000, guid: 5e64eb1914177af45888c34e9f4feca6, type: 3}
  m_Name: 
  m_EditorClassIdentifier: 
  m_movement: {fileID: 6485657281153038208}
  m_effectsCaster: {fileID: 0}
  m_weaponsSystem: {fileID: 5326352158695678186}
  m_damagable: {fileID: 6906733733500856605}
  m_brain: {fileID: -7458160766865545409}
  m_itemsSystem: {fileID: 0}
  Effects: []
--- !u!114 &-7458160766865545409
MonoBehaviour:
  m_ObjectHideFlags: 0
  m_CorrespondingSourceObject: {fileID: 0}
  m_PrefabInstance: {fileID: 0}
  m_PrefabAsset: {fileID: 0}
  m_GameObject: {fileID: 2805974459429007220}
  m_Enabled: 1
  m_EditorHideFlags: 0
  m_Script: {fileID: 11500000, guid: 4416e86b6d46581409ee3c9827746416, type: 3}
  m_Name: 
  m_EditorClassIdentifier: 
  entity: {fileID: 1993462933}
  LogicPipeLine:
  - {fileID: 11400000, guid: 675ac38eb01727942bc644c2ee265519, type: 2}
  - {fileID: 11400000, guid: cfe477b12eca9a24a9c9e80827aa90dc, type: 2}
  - {fileID: 11400000, guid: f8fbd55a28d047c429350a21e6748b8d, type: 2}
  - {fileID: 11400000, guid: 877aac20a43349e4ab3a307ce5586065, type: 2}
  room: {fileID: 0}
--- !u!50 &3080813004601966367
Rigidbody2D:
  serializedVersion: 4
  m_ObjectHideFlags: 0
  m_CorrespondingSourceObject: {fileID: 0}
  m_PrefabInstance: {fileID: 0}
  m_PrefabAsset: {fileID: 0}
  m_GameObject: {fileID: 2805974459429007220}
  m_BodyType: 0
  m_Simulated: 1
  m_UseFullKinematicContacts: 0
  m_UseAutoMass: 0
  m_Mass: 1
  m_LinearDrag: 10
  m_AngularDrag: 0.05
  m_GravityScale: 0
  m_Material: {fileID: 0}
  m_Interpolate: 0
  m_SleepingMode: 1
  m_CollisionDetection: 0
  m_Constraints: 4
--- !u!61 &4645546646170255184
BoxCollider2D:
  m_ObjectHideFlags: 0
  m_CorrespondingSourceObject: {fileID: 0}
  m_PrefabInstance: {fileID: 0}
  m_PrefabAsset: {fileID: 0}
  m_GameObject: {fileID: 2805974459429007220}
  m_Enabled: 1
  m_Density: 1
  m_Material: {fileID: 0}
  m_IsTrigger: 0
  m_UsedByEffector: 0
  m_UsedByComposite: 0
  m_Offset: {x: -0.004676312, y: 0.23192692}
  m_SpriteTilingProperty:
    border: {x: 0, y: 0, z: 0, w: 0}
    pivot: {x: 0.5, y: 0.5}
    oldSize: {x: 2.025, y: 1.81}
    newSize: {x: 1.27, y: 1.35}
    adaptiveTilingThreshold: 0.5
    drawMode: 0
    adaptiveTiling: 0
  m_AutoTiling: 0
  serializedVersion: 2
  m_Size: {x: 0.98115474, y: 0.9477215}
  m_EdgeRadius: 0
--- !u!114 &1647815538
MonoBehaviour:
  m_ObjectHideFlags: 0
  m_CorrespondingSourceObject: {fileID: 0}
  m_PrefabInstance: {fileID: 0}
  m_PrefabAsset: {fileID: 0}
  m_GameObject: {fileID: 2805974459429007220}
  m_Enabled: 1
  m_EditorHideFlags: 0
  m_Script: {fileID: 11500000, guid: 62e54659db7dbb34cbe87b0a0f4bdb49, type: 3}
  m_Name: 
  m_EditorClassIdentifier: 
  version: 1
  drawGizmos: 1
  detailedGizmos: 0
  startEndModifier:
    addPoints: 0
    exactStartPoint: 3
    exactEndPoint: 3
    useRaycasting: 0
    mask:
      serializedVersion: 2
      m_Bits: 4294967295
    useGraphRaycasting: 0
  traversableTags: -1
  tagPenalties: 0000000000000000000000000000000000000000000000000000000000000000000000000000000000000000000000000000000000000000000000000000000000000000000000000000000000000000000000000000000000000000000000000000000000000000000000000000000000000000000000000000000000000000
  graphMask:
    value: -1
  reCalculatePathFrequency: 0.5
  changeWayPointThreshold: 0.7
--- !u!1001 &8266156084368106244
PrefabInstance:
  m_ObjectHideFlags: 0
  serializedVersion: 2
  m_Modification:
    m_TransformParent: {fileID: 2805974459429007222}
    m_Modifications:
    - target: {fileID: 4142520448615513403, guid: b4b8350701e207948b11a2a4e1ca1436,
        type: 3}
      propertyPath: m_LocalPosition.x
      value: 0
      objectReference: {fileID: 0}
    - target: {fileID: 4142520448615513403, guid: b4b8350701e207948b11a2a4e1ca1436,
        type: 3}
      propertyPath: m_LocalPosition.y
      value: 0
      objectReference: {fileID: 0}
    - target: {fileID: 4142520448615513403, guid: b4b8350701e207948b11a2a4e1ca1436,
        type: 3}
      propertyPath: m_LocalPosition.z
      value: 0
      objectReference: {fileID: 0}
    - target: {fileID: 4142520448615513403, guid: b4b8350701e207948b11a2a4e1ca1436,
        type: 3}
      propertyPath: m_LocalRotation.x
      value: 0
      objectReference: {fileID: 0}
    - target: {fileID: 4142520448615513403, guid: b4b8350701e207948b11a2a4e1ca1436,
        type: 3}
      propertyPath: m_LocalRotation.y
      value: 0
      objectReference: {fileID: 0}
    - target: {fileID: 4142520448615513403, guid: b4b8350701e207948b11a2a4e1ca1436,
        type: 3}
      propertyPath: m_LocalRotation.z
      value: 0
      objectReference: {fileID: 0}
    - target: {fileID: 4142520448615513403, guid: b4b8350701e207948b11a2a4e1ca1436,
        type: 3}
      propertyPath: m_LocalRotation.w
      value: 1
      objectReference: {fileID: 0}
    - target: {fileID: 4142520448615513403, guid: b4b8350701e207948b11a2a4e1ca1436,
        type: 3}
      propertyPath: m_RootOrder
      value: 0
      objectReference: {fileID: 0}
    - target: {fileID: 4142520448615513403, guid: b4b8350701e207948b11a2a4e1ca1436,
        type: 3}
      propertyPath: m_LocalEulerAnglesHint.x
      value: 0
      objectReference: {fileID: 0}
    - target: {fileID: 4142520448615513403, guid: b4b8350701e207948b11a2a4e1ca1436,
        type: 3}
      propertyPath: m_LocalEulerAnglesHint.y
      value: 0
      objectReference: {fileID: 0}
    - target: {fileID: 4142520448615513403, guid: b4b8350701e207948b11a2a4e1ca1436,
        type: 3}
      propertyPath: m_LocalEulerAnglesHint.z
      value: 0
      objectReference: {fileID: 0}
    - target: {fileID: 4142520448615513403, guid: b4b8350701e207948b11a2a4e1ca1436,
        type: 3}
      propertyPath: m_AnchoredPosition.x
      value: 0
      objectReference: {fileID: 0}
    - target: {fileID: 4142520448615513403, guid: b4b8350701e207948b11a2a4e1ca1436,
        type: 3}
      propertyPath: m_AnchoredPosition.y
      value: 1.139
      objectReference: {fileID: 0}
    - target: {fileID: 4142520448615513403, guid: b4b8350701e207948b11a2a4e1ca1436,
        type: 3}
      propertyPath: m_SizeDelta.x
      value: 1.7
      objectReference: {fileID: 0}
    - target: {fileID: 4142520448615513403, guid: b4b8350701e207948b11a2a4e1ca1436,
        type: 3}
      propertyPath: m_SizeDelta.y
      value: 0.3
      objectReference: {fileID: 0}
    - target: {fileID: 4142520448615513403, guid: b4b8350701e207948b11a2a4e1ca1436,
        type: 3}
      propertyPath: m_AnchorMin.x
      value: 0
      objectReference: {fileID: 0}
    - target: {fileID: 4142520448615513403, guid: b4b8350701e207948b11a2a4e1ca1436,
        type: 3}
      propertyPath: m_AnchorMin.y
      value: 0
      objectReference: {fileID: 0}
    - target: {fileID: 4142520448615513403, guid: b4b8350701e207948b11a2a4e1ca1436,
        type: 3}
      propertyPath: m_AnchorMax.x
      value: 0
      objectReference: {fileID: 0}
    - target: {fileID: 4142520448615513403, guid: b4b8350701e207948b11a2a4e1ca1436,
        type: 3}
      propertyPath: m_AnchorMax.y
      value: 0
      objectReference: {fileID: 0}
    - target: {fileID: 4142520448615513403, guid: b4b8350701e207948b11a2a4e1ca1436,
        type: 3}
      propertyPath: m_Pivot.x
      value: 0.5
      objectReference: {fileID: 0}
    - target: {fileID: 4142520448615513403, guid: b4b8350701e207948b11a2a4e1ca1436,
        type: 3}
      propertyPath: m_Pivot.y
      value: 0.5
      objectReference: {fileID: 0}
    - target: {fileID: 4277620228927886039, guid: b4b8350701e207948b11a2a4e1ca1436,
        type: 3}
      propertyPath: m_Name
      value: Healthbar
      objectReference: {fileID: 0}
    - target: {fileID: 5374002067269031287, guid: b4b8350701e207948b11a2a4e1ca1436,
        type: 3}
      propertyPath: Damagable
      value: 
      objectReference: {fileID: 6906733733500856605}
    m_RemovedComponents: []
  m_SourcePrefab: {fileID: 100100000, guid: b4b8350701e207948b11a2a4e1ca1436, type: 3}
--- !u!224 &5461310881775558207 stripped
RectTransform:
  m_CorrespondingSourceObject: {fileID: 4142520448615513403, guid: b4b8350701e207948b11a2a4e1ca1436,
    type: 3}
  m_PrefabInstance: {fileID: 8266156084368106244}
  m_PrefabAsset: {fileID: 0}
